<collection xmlns="http://www.loc.gov/MARC21/slim">
<record>
  <leader>00503nam0a22001331i 450 </leader>
  <controlfield tag="001">IT\ICCU\CNCE\070966</controlfield>
  <controlfield tag="005">20070626000000.0</controlfield>
  <datafield tag="100" ind1=" " ind2=" ">
    <subfield code="a">20070608f1558        0itac0103    ba</subfield>
  </datafield>
  <datafield tag="101" ind1=" " ind2=" ">
    <subfield code="a">LAT</subfield>
  </datafield>
  <datafield tag="102" ind1=" " ind2=" ">
    <subfield code="a">FR</subfield>
  </datafield>
  <datafield tag="200" ind1="1" ind2=" ">
    <subfield code="a">℗Cardinalis Zabarella ℗In librum primum \-quintum! Decretalium. Adiecta sunt Ioannis Thierry Lingonensis, iureconsulti clarissimi adnotamenta: &amp; breues, quas idem collegit praefixae capitulis conclusiones</subfield>
  </datafield>
  <datafield tag="210" ind1=" " ind2=" ">
    <subfield code="d">\1558?!</subfield>
  </datafield>
  <datafield tag="300" ind1=" " ind2=" ">
    <subfield code="a">ANNULLATA !!!!! Straniera</subfield>
  </datafield>
  <datafield tag="801" ind1=" " ind2="3">
    <subfield code="a">IT</subfield>
    <subfield code="b">ICCU</subfield>
    <subfield code="c">20201115</subfield>
  </datafield>
</record>
</collection>
